<?xml version="1.0" encoding="UTF-8"?><collection xmlns="http://www.loc.gov/MARC21/slim"><record><leader>00641nam--2200217-u-4500</leader><controlfield tag="001">000052024</controlfield><controlfield tag="002">20161230</controlfield><controlfield tag="005">20170111233029</controlfield><controlfield tag="008">090601s1000------------r-----000-0-eng-d</controlfield><datafield ind1=" " ind2=" " tag="020"><subfield code="a">0-387-97637-X</subfield></datafield><datafield ind1=" " ind2=" " tag="040"><subfield code="a">IFIN-HH</subfield></datafield><datafield ind1=" " ind2=" " tag="080"><subfield code="a">517.958</subfield></datafield><datafield ind1="1" ind2=" " tag="100"><subfield code="a">Meyer, K. R</subfield></datafield><datafield ind1="1" ind2=" " tag="245"><subfield code="a">Introduction to Hamiltonian Dynamical Systems and the N-Body Problems</subfield></datafield><datafield ind1=" " ind2=" " tag="260"><subfield code="a">New York</subfield><subfield code="b">Springer-Verlag</subfield><subfield code="c">1992</subfield></datafield><datafield ind1=" " ind2=" " tag="490"><subfield code="a">Applied Mathematical Sciences</subfield><subfield code="v">vol. 90</subfield></datafield><datafield ind1=" " ind2=" " tag="504"><subfield code="a">Includes Bibliographical References and Index</subfield></datafield><datafield ind1=" " ind2="4" tag="650"><subfield code="a">Four Hamiltonian Systems</subfield></datafield><datafield ind1=" " ind2=" " tag="700"><subfield code="a">Hall, G. R</subfield></datafield><datafield ind1=" " ind2=" " tag="852"><subfield code="a">78669</subfield><subfield code="c">517.9</subfield></datafield><datafield ind1=" " ind2=" " tag="CAT"><subfield code="a">SYS</subfield><subfield code="c">20170111</subfield><subfield code="h">233029</subfield></datafield></record></collection>